@BOOK{ling02,
  author = {Thomas Lingmann},
  title = {Datenverschlüsselung},
  year = {2002},
  publisher = {C\&L Computer- und Literaturverlag},
  isbn = {3-932311-87-8}
}

@BOOK{spitz11,
  author = {Stephan Spitz and Michael Pramateftakis and Joachim Swoboda},
  title = {Kryptographie und IT-Sicherheit},
  edition = {2., überarbeitete Auflage},
  year = {2011},
  publisher = {Vieweg + Teubner Verlag, Springer Fachmedien Wiesbaden GmbH},
  isbn = {978-3-8348-1487-6}
}

@BOOK{bengel04,
  author = {Günther Bengel},
  title = {Grundkurs Verteilte Systeme},
  edition = {3., verbesserte und überarbeitete Auflage},
  year = {2004},
  publisher = {Vieweg + Sohn Verlag, GWV Fachverlage GmbH},
  isbn = {3-528-25738-5}
}

@BOOK{mandl13,
  author = {Peter Mandl},
  title = {Grundkurs Betriebssysteme},
  edition = {3., aktualisierte und erweiterte Auflage},
  year = {2013},
  publisher = {Springer Vieweg},
  isbn = {978-3-8348-2301-4}
}

@BOOK{mandl08,
  author = {Peter Mandl},
  title = {Grundkurs Betriebssysteme},
  edition = {1. Auflage 2008},
  year = {2008},
  publisher = {Vieweg + Sohn Verlag, GWV Fachverlage GmbH},
  isbn = {978-3-8348-0392-4}
}

@BOOK{hert03,
  author = {Ute Hertzog},
  title = {Solaris 9 Systemadministration},
  edition = {1. Auflage},
  year = {2003},
  publisher = {Markt+Technik},
  isbn = {978-3827266187}
}

@BOOK{schwenk10,
  author = {Jörg Schwenk},
  title = {Sicherheit und Kryptographie im Internet},
  edition = {3., überarbeitete Auflage},
  year = {2010},
  publisher = {Vieweg + Teubner Verlag, Springer Fachmedien Wiesbaden},
  isbn = {978-3-8348-0814-1}
}

@BOOK{hoell11,
  author = {Tobias Höllwarth},
  title = {Cloud Migration},
  edition = {1. Auflage 2011},
  year = {2011},
  publisher = {mitp},
  isbn = {978-3-8266-9177-5}
}

@BOOK{baun10,
  author = {Christian Baun and Marcel Kunze and Jens Nimis and Stefan Tai},
  title = {Cloud Computing},
  year = {2010},
  publisher = {Springer-Verlag},
  isbn = {978-3-642-01593-9}
}

% ----------------------------------
% ----------- OAuth 1.0 ------------
% ----------------------------------
@MISC{oauth11,
    author = {Eran Hammer},
    title = {The OAuth 1.0 Guide},
    howpublished = {Online-Quelle},
    year = {2011},
    note = {\url{http://www.hueniverse.com/oauth}; letzter Zugriff: 12.06.2013, 22:50 Uhr}
}

@MISC{oauth10,
    author = {Eran Hammer},
    title = {The OAuth 1.0 Protocol},
    howpublished = {Online-Quelle},
    year = {2010},
    note = {\url{http://tools.ietf.org/html/rfc5849}; letzter Zugriff: 28.07.2013, 22:49 Uhr}
}

@MISC{oauthworkflow11,
    author = {Eran Hammer},
    title = {The OAuth 1.0 Guide - Protocol Workflow},
    howpublished = {Online-Quelle},
    year = {2011},
    note = {\url{http://hueniverse.com/oauth/guide/workflow}; letzter Zugriff: 18.06.2013, 23:21 Uhr}
}

@MISC{oauthdiagramm07,
    author = {{OAuth Core Workgroup}},
    title = {OAuth Core 1.0},
    howpublished = {Online-Quelle},
    year = {2007},
    note = {\url{http://oauth.net/core/1.0/#anchor9}; letzter Zugriff: 08.08.2013, 00:35 Uhr}
}

% -----------------------------------
% ----------- OAuth 1.0A ------------
% -----------------------------------
@MISC{session-fixation-attack,
    author = {Eran Hammer},
    title = {OAuth Security Advisory: 2009.1},
    howpublished = {Online-Quelle},
    year = {2009},
    note = {\url{http://oauth.net/advisories/2009-1}; letzter Zugriff: 19.06.2013, 16:21 Uhr}
}

@MISC{oauth10a,
    author = {{OAuth Core Workgroup}},
    title = {OAuth Core 1.0 Revision A},
    howpublished = {Online-Quelle},
    year = {2009},
    note = {\url{http://oauth.net/core/1.0a/}; letzter Zugriff: 19.06.2013, 16:24 Uhr}
}

% ----------------------------------
% ----------- OAuth 2.0 ------------
% ----------------------------------
@MISC{eran10,
    author = {Eran Hammer},
    title = {Introducing OAuth 2.0},
    howpublished = {Online-Quelle},
    year = {2010},
    note = {\url{http://hueniverse.com/2010/05/introducing-oauth-2-0}; letzter Zugriff: 15.06.2013, 21:42 Uhr}
}

@MISC{eran12,
    author = {Eran Hammer},
    title = {OAuth 2.0 and the Road to Hell},
    howpublished = {Online-Quelle},
    year = {2012},
    note = {\url{http://hueniverse.com/2012/07/oauth-2-0-and-the-road-to-hell}; letzter Zugriff: 15.06.2013, 21:47 Uhr}
}

@MISC{oauth12,
    author = {Dick Hardt},
    title = {The OAuth 2.0 Authorization Framework},
    howpublished = {Online-Quelle},
    year = {2012},
    note = {\url{http://tools.ietf.org/html/rfc6749}; letzter Zugriff: 15.06.2013, 21:33 Uhr}
}

% ----------------------------------
% ----------- OAuth Ende ------------
% ----------------------------------

@MISC{bitkom13,
    author = {Mathias Weber},
    title = {Bundestagswahl 2013},
    howpublished = {Online-Quelle},
    year = {2013},
    note = {\url{http://www.bitkom.org/de/themen/75591.aspx}; letzter Zugriff: 13.06.2013, 19:36 Uhr}
}

@MISC{fuji13,
    author = {{Fujitsu Research Institute and produced by Fujitsu Global Business Group}},
    title = {Personal data in the cloud: A global survey of consumer attitudes},
    howpublished = {Online-Quelle},
    year = {2010},
    note = {\url{http://www.fujitsu.com/downloads/SOL/fai/reports/fujitsu_personal-data-in-the-cloud.pdf}; letzter Zugriff: 09.07.2013, 11:35 Uhr}
}

@MISC{pier13,
    author = {{Pierre Audoin Consultants}},
    title = {Der Ausbau von Private CloudStrukturen in deutschen Unternehmen nimmt Fahrt auf},
    howpublished = {Online-Quelle},
    year = {2013},
    note = {\url{http://www.pironet-ndh.com/site/pndh-website-site/resource/content/itko/pac-private-cloud-studie/PAC_Private-Cloud-Studie_2013.pdf}; letzter Zugriff: 09.07.2013, 11:50 Uhr}
}

@MISC{mega12,
    author = {{The United States - Department of Justice}},
    title = {Justice Department Charges Leaders of Megaupload with Widespread Online Copyright Infringement},
    howpublished = {Online-Quelle},
    year = {2012},
    note = {\url{http://www.justice.gov/opa/pr/2012/January/12-crm-074.html}; letzter Zugriff: 13.06.2013, 19:33 Uhr}
}

@MISC{multi95,
    author = {Ernesto Nebel and Larry Masinter},
    title = {Form-based File Upload in HTML},
    howpublished = {Online-Quelle},
    year = {1995},
    note = {\url{http://www.ietf.org/rfc/rfc1867.txt}; letzter Zugriff: 17.07.2013, 13:07 Uhr}
}

@MISC{drop12,
    author = {{Dropbox Inc.}},
    title = {Allgemeine Geschäftsbedingungen für Dropbox},
    howpublished = {Online-Quelle},
    year = {2012},
    note = {\url{https://www.dropbox.com/privacy#terms}; letzter Zugriff: 20.07.2013, 19:43 Uhr}
}

@MISC{drop13,
    author = {{Dropbox Inc.}},
    title = {Dropbox-Datenschutzrichtlinien},
    howpublished = {Online-Quelle},
    year = {2013},
    note = {\url{https://www.dropbox.com/privacy}; letzter Zugriff: 20.07.2013, 23:41 Uhr}
}

@MISC{dros13,
    author = {{Dropbox Inc.}},
    title = {Überblick über Sicherheitsfunktionen},
    howpublished = {Online-Quelle},
    year = {2013},
    note = {\url{https://www.dropbox.com/privacy#security}; letzter Zugriff: 21.07.2013, 00:03 Uhr}
}

@MISC{skyd12,
    author = {{Microsoft Corporation}},
    title = {Vertrag über Microsoft-Dienste},
    howpublished = {Online-Quelle},
    year = {2012},
    note = {\url{http://windows.microsoft.com/de-de/windows-live/microsoft-services-agreement}; letzter Zugriff: 20.07.2013, 19:54 Uhr}
}

@MISC{sky-dev,
    author = {{Microsoft Corporation}},
    title = {Microsoft Developer Services Agreement},
    howpublished = {Online-Quelle},
    year = {2013},
    note = {\url{http://msdn.microsoft.com/en-US/live/cc300389}; letzter Zugriff: 11.08.2013, 16:44 Uhr}
}

@MISC{goog11,
    author = {{Google Inc.}},
    title = {Google APIs Terms of Service},
    howpublished = {Online-Quelle},
    year = {2011},
    note = {\url{https://developers.google.com/terms}; letzter Zugriff: 20.07.2013, 23:54 Uhr}
}

@MISC{box-privacy-policy,
    author = {{Box.com Ltd}},
    title = {BOX-DATENSCHUTZERKLÄRUNG UND COOKIE-RICHTLINIE FÜR MOBILE UND ONLINE-NUTZUNG},
    howpublished = {Online-Quelle},
    year = {2013},
    note = {\url{https://app.box.com/legal_text/index.php?type=de_GB&rm=get_legal_text&page=privacy_policy}; letzter Zugriff: 11.08.2013, 16:17 Uhr}
}

@MISC{box-terms,
    author = {{Box.com Ltd}},
    title = {NUTZUNGSBEDINGUNGEN VON BOX},
    howpublished = {Online-Quelle},
    year = {2013},
    note = {\url{https://app.box.com/legal_text/index.php?type=de_GB&rm=get_legal_text&page=tos}; letzter Zugriff: 11.08.2013, 16:17 Uhr}
}

@MISC{md5,
    author = {Ron Rivest},
    title = {The MD5 Message-Digest Algorithm},
    howpublished = {Online-Quelle},
    year = {1992},
    note = {\url{http://www.ietf.org/rfc/rfc1321.txt}; letzter Zugriff: 01.08.2013, 16:54 Uhr}
}